<record><leader>00000cas a2200000 a 4500</leader><controlfield tag="001">35218982</controlfield><controlfield tag="008">960809d19uu1972miuwr ne      0    0eng c</controlfield><datafield ind1=" " ind2=" " tag="010"><subfield code="a">sn 96076951 </subfield></datafield><datafield ind1=" " ind2=" " tag="040"><subfield code="a">MHN</subfield><subfield code="b">eng</subfield><subfield code="c">MHN</subfield><subfield code="d">OCL</subfield><subfield code="d">OCLCQ</subfield><subfield code="d">OCLCF</subfield><subfield code="d">OCLCO</subfield></datafield><datafield ind1="1" ind2=" " tag="029"><subfield code="a">AU@</subfield><subfield code="b">000012697853</subfield></datafield><datafield ind1=" " ind2=" " tag="042"><subfield code="a">pcc</subfield></datafield><datafield ind1=" " ind2=" " tag="043"><subfield code="a">n-us-mi</subfield></datafield><datafield ind1="0" ind2=" " tag="130"><subfield code="a">Grand Blanc news (Grand Blanc, Mich. : 1970)</subfield></datafield><datafield ind1="1" ind2="0" tag="245"><subfield code="a">Grand Blanc news.</subfield></datafield><datafield ind1="3" ind2=" " tag="246"><subfield code="a">Greater area Grand Blanc news</subfield><subfield code="f">May 27, 1971-Feb. 24, 1972</subfield></datafield><datafield ind1=" " ind2=" " tag="260"><subfield code="a">Grand Blanc, Mich. :</subfield><subfield code="b">Grand Blanc News</subfield></datafield><datafield ind1=" " ind2=" " tag="300"><subfield code="a">v.</subfield></datafield><datafield ind1=" " ind2=" " tag="310"><subfield code="a">Weekly</subfield></datafield><datafield ind1="0" ind2=" " tag="362"><subfield code="a">-v. 16, no. 22 (Feb. 24, 1972).</subfield></datafield><datafield ind1=" " ind2=" " tag="588"><subfield code="a">Description based on: Vol. 14, no. 27 (Apr. 2, 1970).</subfield></datafield><datafield ind1=" " ind2="0" tag="651"><subfield code="a">Grand Blanc (Mich.)</subfield><subfield code="v">Newspapers.</subfield></datafield><datafield ind1=" " ind2="0" tag="651"><subfield code="a">Genesee County (Mich.)</subfield><subfield code="v">Newspapers.</subfield></datafield><datafield ind1=" " ind2="7" tag="655"><subfield code="a">Newspapers.</subfield><subfield code="2">fast</subfield><subfield code="0">(OCoLC)fst01423814</subfield></datafield><datafield ind1=" " ind2="7" tag="651"><subfield code="a">Michigan</subfield><subfield code="z">Genesee County.</subfield><subfield code="2">fast</subfield><subfield code="0">(OCoLC)fst01214779</subfield></datafield><datafield ind1=" " ind2="7" tag="651"><subfield code="a">Michigan</subfield><subfield code="z">Grand Blanc.</subfield><subfield code="2">fast</subfield><subfield code="0">(OCoLC)fst01233718</subfield></datafield><datafield ind1=" " ind2=" " tag="752"><subfield code="a">United States</subfield><subfield code="b">Michigan</subfield><subfield code="c">Genesee</subfield><subfield code="d">Grand Blanc.</subfield></datafield><datafield ind1="0" ind2="0" tag="785"><subfield code="t">Gbn evening news</subfield><subfield code="w">(DLC)sn 96076952</subfield><subfield code="w">(OCoLC)35218934</subfield></datafield></record>